@article{jiang2020,
title = "Ceramic nuclear fuel fracture modeling with the extended finite element method",
journal = "Engineering Fracture Mechanics",
volume = "223",
pages = "106713",
year = "2020",
issn = "0013-7944",
doi = "https://doi.org/10.1016/j.engfracmech.2019.106713",
url = "http://www.sciencedirect.com/science/article/pii/S0013794419307568",
author = "Wen Jiang and Benjamin W. Spencer and John E. Dolbow"
}

@article{belytschko_elastic_1999,
	Author = {Belytschko, T. and Black, T.},
	Doi = {10.1002/(SICI)1097-0207(19990620)45:5<601::AID-NME598>3.0.CO;2-S},
	Issn = {0029-5981, 1097-0207},
	Journal = {International Journal for Numerical Methods in Engineering},
	Month = jun,
	Number = {5},
	Pages = {601--620},
	Title = {Elastic crack growth in finite elements with minimal remeshing},
	Volume = {45},
	Year = {1999}
}

@article{Dolbow99,
	Author = {Mo\"es, Nicolas and Dolbow, John and Belytschko, Ted},
	Doi = {10.1002/(SICI)1097-0207(19990910)46:1<131::AID-NME726>3.0.CO;2-J},
	Issn = {1097-0207},
	Journal = {International Journal for Numerical Methods in Engineering},
	Number = {1},
	Pages = {131--150},
	Publisher = {John Wiley \& Sons, Ltd.},
	Title = {A finite element method for crack growth without remeshing},
	Volume = {46},
	Year = {1999}
}

@article{Hansbo2004,
	Author = {Anita Hansbo and Peter Hansbo},
	Doi = {https://doi.org/10.1016/j.cma.2003.12.041},
	Journal = {Computer Methods in Applied Mechanics and Engineering},
	Number = {33},
	Pages = {3523 - 3540},
	Title = {A finite element method for the simulation of strong and weak discontinuities in solid mechanics},
	Volume = {193},
	Year = {2004}
}

@article{Zhang2018,
	Author = {Zhang, Ziyu and Jiang, Wen and Dolbow, John E. and Spencer, Benjamin W.},
	Doi = {10.1007/s00466-018-1544-2},
	Journal = {Computational Mechanics},
	Month = aug,
	Number = {2},
	Pages = {233--252},
	Title = {A modified moment-fitted integration scheme for {X}-{FEM} applications with history-dependent material data},
	Volume = {62},
	Year = {2018}
}

@article{Areias_Belytschko_2006,
	Author = {P.M.A. Areias and T. Belytschko},
	Doi = {http://dx.doi.org/10.1016/j.cma.2005.03.006},
	Journal = {Computer Methods in Applied Mechanics and Engineering},
	Number = {9-12},
	Pages = {1275-1276},
	Title = {A comment on the article ``{A} finite element method for simulation of strong and weak discontinuities in solid mechanics'' by {A}. {H}ansbo and {P}. {H}ansbo {C}omput. {M}ethods {A}ppl. {M}ech. {E}ngrg. 193 (2004) {3523-3540}},
	Volume = {195},
	Year = {2006}
}

@article{JHSong2009,
    author = {Song, Jeong-Hoon and Belytschko, Ted},
    title = "{Dynamic Fracture of Shells Subjected to Impulsive Loads}",
    journal = {Journal of Applied Mechanics},
    volume = {76},
    number = {5},
    year = {2009},
    month = {06},
    url = {https://doi.org/10.1115/1.3129711},
    note = {051301},
}

@article{Richardson2011,
	Author = {Richardson, Casey L. and Hegemann, Jan and Sifakis, Eftychios and Hellrung, Jeffrey and Teran, Joseph M.},
	Doi = {10.1002/nme.3211},
	Journal = {International Journal for Numerical Methods in Engineering},
	Number = {10},
	Pages = {1042--1065},
	Publisher = {John Wiley \& Sons, Ltd.},
	Title = {An {XFEM} method for modeling geometrically elaborate crack propagation in brittle materials},
	Volume = {88},
	Year = {2011}
}

@article{Duan2009,
author = {Duan, Qinglin and Song, Jeong-Hoon and Menouillard, Thomas and Belytschko, Ted},
title = {Element-local level set method for three-dimensional dynamic crack growth},
journal = {International Journal for Numerical Methods in Engineering},
volume = {80},
number = {12},
pages = {1520-1543},
year = {2009}
}

@phdthesis{zhang_finite_2015,
	Author = {Ziyu Zhang},
	School = {Duke University},
	Title = {Finite Element Methods for Interface Problems with Mesh Adaptivity},
	Year = {2015}
}
