@article{hughes1980finite,
  title     = {Finite rotation effects in numerical integration of rate constitutive equations arising in large-deformation analysis},
  author    = {Hughes, Thomas JR and Winget, James},
  journal   = {International journal for numerical methods in engineering},
  volume    = {15},
  number    = {12},
  pages     = {1862--1867},
  year      = {1980},
  publisher = {Wiley Online Library}
}


@article{danielsson2002three,
  title     = {Three-dimensional micromechanical modeling of voided polymeric materials},
  author    = {Danielsson, M and Parks, DM and Boyce, MC},
  journal   = {Journal of the Mechanics and Physics of Solids},
  volume    = {50},
  number    = {2},
  pages     = {351--379},
  year      = {2002},
  publisher = {Elsevier}
}

@article{bavzant2014energy,
  title     = {Energy-conservation error due to use of Green--Naghdi objective stress rate in commercial finite-element codes and its compensation},
  author    = {Ba{\v{z}}ant, Zde{\v{n}}ek P and Vorel, Jan},
  journal   = {Journal of Applied Mechanics},
  volume    = {81},
  number    = {2},
  year      = {2014},
  publisher = {American Society of Mechanical Engineers Digital Collection}
}

@article{freed2014,
  title     = {Hencky strain and logarithmic rates in Lagrangian analysis},
  author    = {Freed, AD},
  journal   = {International Journal of Engineering Science},
  volume    = {81},
  pages     = {135--145},
  year      = {2014},
  publisher = {Elsevier}
}

@article{hales15homogenization,
  author  = {Hales, J. D. and Tonks, M. R. and Chockalingam, K. and Perez, D. M. and Novascone, S. R. and Spencer, B. W. and Williamson, R. L.},
  title   = {Asymptotic expansion homogenization for multiscale nuclear fuel analysis},
  journal = {Computational Materials Science},
  year    = {2015},
  volume  = {99},
  month   = {March},
  pages   = {290--297},
  doi     = {10.1016/j.commatsci.2014.12.039},
  url     = {http://dx.doi.org/10.1016/j.commatsci.2014.12.039}
}

@article{bishopanddrucker1945,
  issn      = {0033569X, 15524485},
  url       = {http://www.jstor.org/stable/43633516},
  author    = {K. E. BISSHOPP and D. C. DRUCKER},
  journal   = {Quarterly of Applied Mathematics},
  number    = {3},
  pages     = {272--275},
  publisher = {Brown University},
  title     = {LARGE DEFLECTION OF CANTILEVER BEAMS},
  volume    = {3},
  year      = {1945}
}

@book{simo2006computational,
  title     = {Computational inelasticity},
  author    = {Simo, Juan C and Hughes, Thomas JR},
  volume    = {7},
  year      = {2006},
  publisher = {Springer Science \& Business Media}
}

@article{hughes1980generalization,
  title     = {Generalization of selective integration procedures to anisotropic and nonlinear media},
  author    = {Hughes, Thomas JR},
  journal   = {International Journal for Numerical Methods in Engineering},
  volume    = {15},
  number    = {9},
  pages     = {1413--1418},
  year      = {1980},
  publisher = {Wiley Online Library}
}


@book{dunne2005introduction,
  title     = {Introduction to Computational Plasticity},
  author    = {Dunne, Fionn and Petrinic, Nik},
  year      = {2005},
  publisher = {Oxford University Press on Demand}
}

@article{niffenegger2012proper,
  author  = {Niffenegger, Markus and Reichlin, Klaus},
  doi     = {10.1016/j.nucengdes.2011.12.006},
  journal = {Nuclear Engineering and Design},
  month   = {February},
  pages   = {356--359},
  title   = {The proper use of thermal expansion coefficients in finite element calculations},
  volume  = {243},
  year    = {2012}
}

@article{de1996design,
  title     = {Design of simple low order finite elements for large strain analysis of nearly incompressible solids},
  author    = {de Souza Neto, EA and Peri{\'c}, D and Dutko, M and Owen, DRJ},
  journal   = {International Journal of Solids and Structures},
  volume    = {33},
  number    = {20-22},
  pages     = {3277--3296},
  year      = {1996},
  publisher = {Elsevier}
}


@book{hughes1987finite,
  title     = {The Finite Element Method, Linear Static and Dynamic Finite Element Analysis},
  publisher = {New Jersey:Prentice-Hall},
  year      = {1987},
  author    = {Hughes, T.~J.~R}
}

@book{bower2009applied,
  title     = {Applied Mechanics of Solids},
  publisher = {CRC press},
  year      = {2009},
  author    = {Bower, A.~F.}
}

@incollection{mura1982general,
  title     = {General theory of eigenstrains},
  author    = {Mura, Toshio},
  booktitle = {Micromechanics of Defects in Solids},
  pages     = {1--62},
  year      = {1982},
  publisher = {Springer}
}

@book{qu2006fundamentals,
  title     = {Fundamentals of micromechanics of solids},
  author    = {Qu, Jianmin and Cherkaoui, Mohammed},
  year      = {2006},
  publisher = {Wiley Online Library}
}

@article{shammamy1967incremental,
  title     = {Incremental versus total-strain theories for proportionate and nonproportionate loading of torsion-tension members},
  author    = {Shammamy, MR and Sidebottom, OM},
  journal   = {Experimental Mechanics},
  volume    = {7},
  number    = {12},
  pages     = {497--505},
  year      = {1967},
  publisher = {Springer}
}

@article{rashid1993incremental,
  title     = {Incremental kinematics for finite element applications},
  author    = {Rashid, MM},
  journal   = {International Journal for Numerical Methods in Engineering},
  volume    = {36},
  number    = {23},
  pages     = {3937--3956},
  year      = {1993},
  publisher = {Wiley Online Library}
}

@article{zhang2018modified,
  title     = {A modified moment-fitted integration scheme for X-FEM applications with history-dependent material data},
  author    = {Zhang, Ziyu and Jiang, Wen and Dolbow, John E and Spencer, Benjamin W},
  journal   = {Computational Mechanics},
  pages     = {1--20},
  year      = {2018},
  publisher = {Springer}
}

@article{rice_path_1968,
  author  = {Rice, J. R.},
  doi     = {10.1115/1.3601206},
  journal = {Journal of Applied Mechanics},
  number  = {2},
  pages   = {379},
  title   = {A Path Independent Integral and the Approximate Analysis of Strain Concentration by Notches and Cracks},
  volume  = {35},
  year    = {1968}
}

@article{li_comparison_1985,
  author  = {Li, F. Z. and Shih, C. F. and Needleman, A.},
  doi     = {10.1016/0013-7944(85)90029-3},
  journal = {Engineering Fracture Mechanics},
  number  = {2},
  pages   = {405--421},
  title   = {A comparison of methods for calculating energy release rates},
  volume  = {21},
  year    = {1985}
}

@techreport{warp3d_17.3.1,
  author      = {Brian Healy and Arne Gullerud and Kyle Koppenhoefer and Arun Roy and Sushovan RoyChowdhury and Matt Walters and Barron Bichon and Kristine Cochran and Adam Carlyle and James Sobotka and Mark Messner and Robert Dodds},
  institution = {University of Illinois at Urbana-Champaign},
  number      = {UILU-ENG-95-2012},
  title       = {WARP3D-Release 17.3.1},
  year        = {2012}
}

@article{walters_interaction_2005,
  author  = {Walters, Matthew C. and Paulino, Glaucio H. and Dodds, Robert H.},
  journal = {Engineering Fracture Mechanics},
  month   = {July},
  number  = {11},
  pages   = {1635--1663},
  title   = {Interaction integral procedures for 3-{D} curved cracks including surface tractions},
  volume  = {72},
  year    = {2005}
}

@article{bongyoon_2003,
  title   = {Creep crack growth analysis of elliptic surface cracks in pressure vessels},
  journal = {International Journal of Pressure Vessels and Piping},
  volume  = {80},
  number  = {7},
  pages   = {465 - 479},
  year    = {2003},
  author  = {Bong Yoon, Kee and Gyu Park, Tae and Saxena, Ashok}
}

@article{larsson_influence_1973,
  author  = {Larsson, S.G. and Carlsson, A.J.},
  journal = {Journal of the Mechanics and Physics of Solids},
  month   = {July},
  number  = {4},
  pages   = {263--277},
  title   = {Influence of non-singular stress terms and specimen geometry on small-scale yielding at crack tips in elastic-plastic materials},
  volume  = {21},
  year    = {1973}
}

@article{rice_limitations_1974,
  author  = {Rice, J.R.},
  journal = {Journal of the Mechanics and Physics of Solids},
  month   = {January},
  number  = {1},
  pages   = {17--26},
  title   = {Limitations to the small scale yielding approximation for crack tip plasticity},
  volume  = {22},
  year    = {1974}
}

@article{toshio_determination_1992,
  author   = {Nakamura, Toshio and Parks, David M.},
  doi      = {10.1016/0020-7683(92)90011-H},
  issn     = {00207683},
  journal  = {International Journal of Solids and Structures},
  language = {en},
  month    = {January},
  number   = {13},
  pages    = {1597--1611},
  title    = {Determination of elastic T-stress along three-dimensional crack fronts using an interaction integral},
  volume   = {29},
  year     = {1992}
}

@incollection{eshelby_energy_1999,
  address   = {Berlin, Heidelberg},
  author    = {Eshelby, J. D.},
  booktitle = {Fundamental {Contributions} to the {Continuum} {Theory} of {Evolving} {Phase} {Interfaces} in {Solids}},
  editor    = {Ball, John M. and Kinderlehrer, David and Podio-Guidugli, Paulo and Slemrod, Marshall},
  language  = {en},
  doi       = {10.1007/978-3-642-59938-5\_5},
  pages     = {82--119},
  publisher = {Springer Berlin Heidelberg},
  title     = {Energy {Relations} and the {Energy}-{Momentum} {Tensor} in {Continuum} {Mechanics}},
  year      = {1999}
}

@book{slaughter2012linearized,
  title     = {The Linearized Theory of Elasticity},
  author    = {Slaughter, William S},
  year      = {2012},
  publisher = {Springer Science \& Business Media}
}

@book{malvern1969introduction,
  title     = {Introduction to the Mechanics of a Continuous Medium},
  author    = {Malvern, Lawrence E},
  year      = {1969},
  publisher = {Prentice-Hall}
}

@book{khan1995,
  title     = {Continuum Theory of Plasticity},
  author    = {Khan, Akhtar S and Huang, Sujian},
  year      = {1995},
  publisher = {John Wiley \& Sons}
}

@article{cauchy1827,
  title   = {Sur la condensation et la dilatation des corps solides},
  author  = {Cauchy, Augustin-Louis},
  journal = {Exercices de Math{\'e}matiques},
  volume  = {2},
  number  = {1827},
  pages   = {60--69},
  year    = {1827},
  note    = {in French}
}

@article{green1841,
  title   = {On the Propagation of Light in Crystallized Media},
  author  = {Green, George},
  journal = {Transactions of the Cambridge Philosophical Society},
  volume  = {7},
  pages   = {437--444},
  year    = {1841}
}

@book{hjelmstad2007fundamentals,
  title     = {Fundamentals of Structural Mechanics},
  author    = {Hjelmstad, Keith D},
  year      = {2007},
  publisher = {Springer Science \& Business Media}
}

@article{timoshenko_correction_1921,
  author  = {Timoshenko, S. P.},
  journal = {Philosophical Magazine},
  title   = {On the correction factor for shear of the differential equation for transverse vibrations of bars of uniform cross-section},
  pages   = {744},
  year    = {1921}
}

@article{timoshenko_transverse_1922,
  author  = {Timoshenko, S. P.},
  journal = {Philosophical Magazine},
  title   = {On the transverse vibrations of bars of uniform cross-section},
  pages   = {125},
  year    = {1922}
}

@article{bathe_large_1979,
  author  = {Bathe, K. J. and Bolourchi, S.},
  journal = {International Journal for Numerical Methods in Engineering},
  title   = {Large displacement analysis of three-dimensional beam structures},
  volume  = {14},
  pages   = {961--986},
  year    = {1979}
}

@article{prathap_reduced_1982,
  author  = {Prathap, G. and Bhashyam, G. R.},
  journal = {International Journal for Numerical Methods in Engineering},
  title   = {Reduced integration and the shear-flexible beam element},
  volume  = {18},
  pages   = {195--210},
  year    = {1982}
}

@article{Adams1967gps,
  author  = {Donald F. Adams and Douglas R. Doner},
  title   = {Transverse Normal Loading of a Unidirectional Composite},
  journal = {Journal of Composite Materials},
  volume  = {1},
  number  = {2},
  pages   = {152-164},
  year    = {1967},
  doi     = {10.1177/002199836700100205},
  url     = {https://doi.org/10.1177/002199836700100205}
}

@article{Adams1984gps,
  title   = {Finite element micromechanical analysis of a unidirectional composite including longitudinal shear loading},
  author  = {Donald F. Adams and David A. Crane},
  journal = {Computers \& Structures},
  volume  = {18},
  number  = {6},
  pages   = {1153-1165},
  year    = {1984},
  issn    = {0045-7949},
  doi     = {https://doi.org/10.1016/0045-7949(84)90160-3},
  url     = {http://www.sciencedirect.com/science/article/pii/0045794984901603}
}

@article{Li1999gps,
  author  = {Li, Shuguang},
  title   = {On the unit cell for micromechanical analysis of fibre-reinforced composites},
  journal = {Proceedings of the Royal Society of London A: Mathematical, Physical and Engineering Sciences},
  volume  = {455},
  number  = {1983},
  pages   = {815-838},
  year    = {1999},
  issn    = {1364-5021},
  doi     = {10.1098/rspa.1999.0336},
  url     = {http://rspa.royalsocietypublishing.org/content/455/1983/815}
}

@manual{Abaqus2014gps,
  title  = {ABAQUS/CAE User's Manual, 27.1.2 Choosing the element's dimensionality, Version 6.14},
  author = {ABAQUS},
  year   = {2014}
}

@article{Li2005gps,
  title   = {Variational principles for generalized plane strain problems and their applications},
  author  = {Shuguang Li and Szu-Hui Lim},
  journal = {Composites Part A: Applied Science and Manufacturing},
  volume  = {36},
  number  = {3},
  pages   = {353-365},
  year    = {2005},
  issn    = {1359-835X},
  doi     = {https://doi.org/10.1016/j.compositesa.2004.06.036},
  url     = {http://www.sciencedirect.com/science/article/pii/S1359835X04001885}
}

@article{simo1985cto,
  title     = {Consistent tangent operators for rate-independent elastoplasticity},
  author    = {Simo, Juan C and Taylor, Robert Leroy},
  journal   = {Computer Methods in Applied Mechanics and Engineering},
  volume    = {48},
  number    = {1},
  pages     = {101--118},
  year      = {1985},
  publisher = {Elsevier}
}

@book{hughes2000fem,
  title     = {The finite element method:{L}inear static and dynamic finite element analysis},
  author    = {Hughes, T. J. R},
  year      = {2000},
  publisher = {Dover Publications, Mineola, NY}
}

@book{belytschko2003,
  title     = {{N}onlinear {F}inite {E}lements for {C}ontinua and {S}tructures},
  author    = {Belytschko, Ted and Liu, Wing Kam and Moran, Brian},
  year      = {2003},
  publisher = {John Wiley \& Sons, West Sussex, England}
}

@article{kim_phase-field_1999,
  title   = {Phase-field model for binary alloys},
  volume  = {60},
  url     = {http://link.aps.org/doi/10.1103/PhysRevE.60.7186},
  doi     = {10.1103/PhysRevE.60.7186},
  number  = {6},
  urldate = {2014-03-31},
  journal = {Physical Review E},
  author  = {Kim, Seong Gyoon and Kim, Won Tae and Suzuki, Toshio},
  month   = {December},
  year    = {1999},
  pages   = {7186-7197}
}

@article{Levitas2011,
  author  = {Levitas, V. I. and Samani, K.},
  journal = {Nature Communications},
  url     = {https://www.nature.com/articles/ncomms1275},
  doi     = {10.1038/ncomms1275},
  title   = {Size and mechanics effects in surface-induced melting of nanoparticles},
  volume  = {2},
  pages   = {284},
  year    = {2011}
}

@article{nakshatrala2008fem,
  author  = {Nakshatrala, K. B. and Masud, A. and Hjelmstad, K. D.},
  journal = {Computational Mechanics},
  title   = {On finite element formulations for nearly incompressible linear elasticity},
  volume  = {41},
  pages   = {547-561},
  year    = {2008}
}

@article{Miehe2015,
  title   = {Phase field modeling of fracture in multi-physics problems. Part I. Balance of crack surface and failure criteria for brittle crack propagation in thermo-elastic solids},
  journal = {Computer Methods in Applied Mechanics and Engineering},
  volume  = {294},
  pages   = {449 - 485},
  year    = {2015},
  issn    = {0045-7825},
  doi     = {https://doi.org/10.1016/j.cma.2014.11.016},
  url     = {http://www.sciencedirect.com/science/article/pii/S0045782514004423},
  author  = {Christian Miehe and Lisa-Marie Sch{\"a}nzel and Heike Ulmer}
}

@article{JYWu2017,
  title   = {A unified phase-field theory for the mechanics of damage and quasi-brittle failure},
  journal = {Journal of the Mechanics and Physics of Solids},
  volume  = {103},
  pages   = {72 - 99},
  year    = {2017},
  issn    = {0022-5096},
  doi     = {https://doi.org/10.1016/j.jmps.2017.03.015},
  url     = {http://www.sciencedirect.com/science/article/pii/S0022509616308341},
  author  = {Jian-Ying Wu}
}

@article{strack_aleatory_2015,
  author  = {Strack, O.E. and Leavy, R.B. and Brannon, R.M.},
  journal = {International Journal for Numerical Methods in Engineering},
  doi     = {10.1002/nme.4699},
  month   = {April},
  number  = {3-4},
  pages   = {468--495},
  title   = {Aleatory uncertainty and scale effects in computational damage models for failure and fragmentation},
  volume  = {102},
  year    = {2015}
}

@article{kalidindi1992,
  title     = {Crystallographic texture evolution in bulk deformation processing of FCC metals},
  author    = {Kalidindi, Surya R and Bronkhorst, Curt A and Anand, Lallit},
  journal   = {Journal of the Mechanics and Physics of Solids},
  volume    = {40},
  number    = {3},
  pages     = {537--569},
  year      = {1992},
  publisher = {Elsevier}
}

@article{kalidindi2001,
  title     = {Modeling anisotropic strain hardening and deformation textures in low stacking fault energy fcc metals},
  author    = {Kalidindi, Surya R},
  journal   = {International Journal of Plasticity},
  volume    = {17},
  pages     = {837--860},
  year      = {2001},
  publisher = {Elsevier}
}

@article{Bishop:1951fb,
  author  = {Bishop, J F W and Hill, R},
  title   = {{A theory of the plastic distortion of a polycrystalline aggregate under combined stresses.}},
  journal = {The London, Edinburgh, and Dublin Philosophical Magazine and Journal of Science},
  year    = {1951},
  volume  = {42},
  number  = {327},
  pages   = {414--427}
}

@article{Gurson:1977gg,
  author  = {Gurson, A L},
  title   = {{Continuum Theory of Ductile Rupture by Void Nucleation and Growth: Part I{\textemdash}Yield Criteria and Flow Rules for Porous Ductile Media}},
  journal = {Journal of Engineering Materials and Technology},
  year    = {1977},
  volume  = {99},
  number  = {1},
  pages   = {2--63}
}

@article{Rice:1969ky,
  author  = {Rice, J R and Tracey, D M},
  title   = {{On the ductile enlargement of voids in triaxial stress fields}},
  journal = {Journal of the Mechanics and Physics of Solids},
  year    = {1969},
  volume  = {17},
  number  = {3},
  pages   = {201--217}
}

@article{Tvergaard:1984ip,
  author  = {Tvergaard, V and Needleman, A},
  title   = {{Analysis of the cup-cone fracture in a round tensile bar}},
  journal = {Acta Metallurgica},
  year    = {1984},
  volume  = {32},
  number  = {1},
  pages   = {157--169}
}

  @article{Leblond:1994kl,
  author  = {Leblond, J B and Perrin, G and Suquet, P},
  title   = {{Exact results and approximate models for porous viscoplastic solids}},
  journal = {International Journal of Plasticity},
  year    = {1994},
  volume  = {10},
  number  = {3},
  pages   = {213--235},
  month   = {January}
}

  @article{Needleman:1980db,
  author  = {Needleman, A and Rice, J R},
  title   = {{Plastic creep flow effects in the diffusive cavitation of grain boundaries}},
  journal = {Acta Metallurgica},
  year    = {1980},
  volume  = {28},
  number  = {10},
  pages   = {1315--1332},
  month   = {October}
}

  @article{Wojtacki:2018dv,
  author  = {Wojtacki, Kajetan and Vincent, Pierre-Guy and Suquet, Pierre and Moulinec, Herv{\'e} and Boittin, Guylaine},
  title   = {{A micromechanical model for the secondary creep of elasto-viscoplastic porous materials with two rate-sensitivity exponents: Application to a mixed oxide fuel}},
  journal = {{International Journal of Solids and Structures}},
  year    = {2019},
  pages   = {1--15},
  month   = {January}
}


@article{Askes2015,
  title     = {The effects of element shape on the critical time step in explicit time integrators for elasto-dynamics},
  author    = {Askes, Harm and Rodriguez-Ferran, Antonio and Hetherington, Jack},
  journal   = {International Journal for Numerical Methods in Engineering},
  volume    = {101},
  number    = {11},
  pages     = {809--824},
  year      = {2015},
  publisher = {Wiley}
}

@article{Krieg1973,
  title     = {On the behavior of a numerical approximation to the rotatory inertia and transverse shear plate},
  author    = {Krieg, RD},
  journal   = {Journal of Applied Mechanics},
  volume    = {40},
  number    = {4},
  pages     = {977--992},
  year      = {1973},
  publisher = {ASME}
}

@article{Wright1998,
  title     = {Numerical stability of a variable time step explicit method for Timoshenko and Mindlin type structures},
  author    = {Wright, JP},
  journal   = {Communications in Numerical Methods in Engineering},
  volume    = {14},
  number    = {2},
  pages     = {81--86},
  year      = {1998},
  publisher = {Wiley}
}

@article{Junior2015,
  title     = {Stability criterion to explicit finite difference applied to the Bresse system},
  author    = {Junior, DDSA and Rivera, JEM},
  journal   = {Afrika Matematika},
  volume    = {26},
  number    = {5},
  pages     = {761--778},
  year      = {2015},
  publisher = {Springer}
}


@article{Asaro:1983kf,
  author    = {Asaro, R J},
  title     = {{Crystal Plasticity}},
  journal   = {Journal of Applied Mechanics},
  year      = {1983},
  volume    = {50},
  number    = {4b},
  pages     = {921--934},
  month     = {December},
  publisher = {American Society of Mechanical Engineers}
}

@article{Roters:2010,
  title     = {Overview of constitutive laws, kinematics, homogenization and multiscale methods in crystal plasticity finite-element modeling: Theory, experiments, applications},
  author    = {Roters, Franz and Eisenlohr, Philip and Hantcherli, Luc and Tjahjanto, Denny Dharmawan and Bieler, Thomas R and Raabe, Dierk},
  journal   = {Acta Materialia},
  volume    = {58},
  number    = {4},
  pages     = {1152--1211},
  year      = {2010},
  publisher = {Elsevier}
}

@article{Wen:2017hu,
  author  = {Wen, W and Capolungo, L and Patra, A and Tom{\'e}, C N},
  title   = {{A Physics-Based Crystallographic Modeling Framework for Describing the Thermal Creep Behavior of Fe-Cr Alloys}},
  journal = {Metallurgical and Materials Transactions A},
  year    = {2017},
  volume  = {48},
  number  = {5},
  pages   = {2603--2617},
  month   = feb
}

@article{Wen:wv,
  author  = {Wen, Wei and Kohnert, A and Kumar, M Arul and Capolungo, L and Tom{\'e}, C N},
  title   = {{Mechanism-based modeling of thermal and irradiation creep behavior for HT9 steel}},
  journal = {International Journal of Plasticity},
  volume  = {Submitted},
  year    = {2019}
}

@article{Hutchinson:1976dr,
  author  = {Hutchinson, J W},
  title   = {{Bounds and Self-Consistent Estimates for Creep of Polycrystalline Materials}},
  journal = {Proceedings of the Royal Society A: Mathematical, Physical and Engineering Sciences},
  year    = {1976},
  volume  = {348},
  number  = {1652},
  pages   = {101--127},
  month   = feb
}

@article{Lebensohn:1993gn,
  author  = {Lebensohn, R A and Tom{\'e}, C N},
  title   = {{A self-consistent anisotropic approach for the simulation of plastic deformation and texture development of polycrystals: Application to zirconium alloys}},
  journal = {Acta Metallurgica et Materialia},
  year    = {1993},
  volume  = {41},
  number  = {9},
  pages   = {2611--2624},
  month   = sep
}

@article{Lebensohn:2007iq,
  author  = {Lebensohn, R A and Tom{\'e}, C N and Casta{\~{N}}eda, P Ponte},
  title   = {{Self-consistent modelling of the mechanical behaviour of viscoplastic polycrystals incorporating intragranular field fluctuations}},
  journal = {Philosophical Magazine},
  year    = {2007},
  volume  = {87},
  number  = {28},
  pages   = {4287--4322},
  month   = aug
}

@article{Lebensohn:2010hr,
  author  = {Lebensohn, Ricardo A and Hartley, Craig S and Tom{\'e}, Carlos N and Castelnau, Olivier},
  title   = {{Modeling the mechanical response of polycrystals deforming by climb and glide}},
  journal = {Philosophical Magazine},
  year    = {2010},
  volume  = {90},
  number  = {5},
  pages   = {567--583},
  month   = feb
}

@article{Wang:2017fo,
  author  = {Wang, H and Capolungo, L and Clausen, B and Tom{\'e}, C N},
  title   = {{A crystal plasticity model based on transition state theory}},
  journal = {International Journal of Plasticity},
  year    = {2017},
  volume  = {93},
  pages   = {251--268},
  month   = jun
}

@article{Wang:2016fs,
  author  = {Wang, H and Clausen, B and Capolungo, L and Beyerlein, I J and Wang, J and Tom{\'e}, C N},
  title   = {{Stress and strain relaxation in magnesium AZ31 rolled plate: In-situ neutron measurement and elastic viscoplastic polycrystal modeling}},
  journal = {International Journal of Plasticity},
  year    = {2016},
  volume  = {79},
  number  = {C},
  pages   = {275--292},
  month   = apr
}

@article{Tallman:YBweFy2x,
  author  = {Tallman, A E and Kumar, M Arul and Capolungo, L},
  title   = {{Predictive reduced order models for engineers of materials in extreme environments using simplified physics emulation of constitutive material modeling (SPEC).}},
  number  = {In preparation},
  year    = {2019},
  journal = {TBD}
}

@article{salehani2018coupled,
  title   = {A coupled mixed-mode cohesive zone model: An extension to three-dimensional contact problems},
  author  = {Salehani, Mohsen Khajeh and Irani, Nilgoon},
  journal = {arXiv preprint arXiv:1801.03430},
  year    = {2018}
}

@article{xu1993void,
  title     = {Void nucleation by inclusion debonding in a crystal matrix},
  author    = {Xu, X-P and Needleman, A},
  journal   = {Modelling and Simulation in Materials Science and Engineering},
  volume    = {1},
  number    = {2},
  pages     = {111},
  year      = {1993},
  publisher = {IOP Publishing}
}

@article{dvorkin1984continuum,
  author  = {Dvorkin, E and Bathe, K},
  title   = {A continuum mechanics based four-node shell element for general non-linear analysis},
  journal = {Engineering Computations},
  volume  = {1},
  number  = {1},
  pages   = {77--88},
  year    = {1984}
}

@article{CHUKWUDOZIE2019957,
  title   = {A variational phase-field model for hydraulic fracturing in porous media},
  journal = {Computer Methods in Applied Mechanics and Engineering},
  volume  = {347},
  pages   = {957 - 982},
  year    = {2019},
  issn    = {0045-7825},
  author  = {Chukwudi Chukwudozie and Blaise Bourdin and Keita Yoshioka}
}

@article{Mikelic2019,
  author  = {Mikeli{\'c}, A. and Wheeler, M. F. and Wick, T.},
  journal = {GEM - International Journal on Geomathematics},
  number  = {1},
  pages   = {2},
  title   = {Phase-field modeling through iterative splitting of hydraulic fractures in a poroelastic medium},
  volume  = {10},
  year    = {2019}
}

@phdthesis{Bolourchi1979,
  author = {Bolourchi, Sa{\"i}d},
  year   = {1979},
  month  = {08},
  pages  = {},
  title  = {On finite element nonlinear analysis of general shell structures},
  school = {Massachusetts Institute of Technology}
}

@article{stewart2011anisotropic,
  title     = {An anisotropic tertiary creep damage constitutive model for anisotropic materials},
  author    = {Stewart, Calvin M and Gordon, Ali P and Ma, Young Wha and Neu, Richard W},
  journal   = {International Journal of Pressure Vessels and Piping},
  volume    = {88},
  number    = {8-9},
  pages     = {356--364},
  year      = {2011},
  publisher = {Elsevier}
}

@article{versino2018generalized,
  title     = {Generalized radial-return mapping algorithm for anisotropic von Mises plasticity framed in material eigenspace},
  author    = {Versino, Daniele and Bennett, Kane C},
  journal   = {International Journal for Numerical Methods in Engineering},
  volume    = {116},
  number    = {3},
  pages     = {202--222},
  year      = {2018},
  publisher = {Wiley Online Library}
}

@article{li2019development,
  title     = {Development of a thermo-mechanically coupled crystal plasticity modeling framework: application to polycrystalline homogenization},
  author    = {Li, Jifeng and Romero, Ignacio and Segurado, Javier},
  journal   = {International Journal of Plasticity},
  volume    = {119},
  pages     = {313--330},
  year      = {2019},
  publisher = {Elsevier}
}

@article{ozturk2016crystal,
  title     = {Crystal plasticity {FE} study of the effect of thermo-mechanical loading on fatigue crack nucleation in titanium alloys},
  author    = {Ozturk, Deniz and Shahba, Ahmad and Ghosh, Somnath},
  journal   = {Fatigue \& Fracture of Engineering Materials \& Structures},
  volume    = {39},
  number    = {6},
  pages     = {752--769},
  year      = {2016},
  publisher = {Wiley Online Library}
}

@article{meissonnier2001finite,
  title     = {Finite element implementation of a generalised non-local rate-dependent crystallographic formulation for finite strains},
  author    = {Meissonnier, FT and Busso, EP and O'Dowd, NP},
  journal   = {International Journal of Plasticity},
  volume    = {17},
  number    = {4},
  pages     = {601--640},
  year      = {2001},
  publisher = {Elsevier}
}

@techreport{Rovinelli2020,
  title       = {Identify the influence of microstructure on mesoscale creep and fatigue damage},
  author      = {Rovinelli, A. and Messner, M. C.},
  doi         = {10.2172/1658575},
  url         = {https://www.osti.gov/biblio/1658575},
  year        = {2020},
  month       = {9},
  number      = {ANL-20/49},
  institution = {Argonne National Laboratory}
}

@techreport{Camanho2002,
  title       = {Mixed-Mode Decohesion Finite Elements for the Simulation of Delamination in Composite Materials},
  author      = {Pedro P. Camanho and Carlos G. D{\'a}vila},
  year        = {2002},
  number      = {NASA/TM-2002-211737},
  institution = {National Aeronautics and Space Administration}
}

@article{beyerlein2008dislocation,
  title   = {A dislocation-based constitutive law for pure Zr including temperature effects},
  journal = {International Journal of Plasticity},
  volume  = {24},
  number  = {5},
  pages   = {867-895},
  year    = {2008},
  issn    = {0749-6419},
  doi     = {https://doi.org/10.1016/j.ijplas.2007.07.017},
  url     = {https://www.sciencedirect.com/science/article/pii/S074964190700109X},
  author  = {I.J. Beyerlein and C.N. Tomé}
}

@article{capolungo2009interaction,
  title   = {On the interaction between slip dislocations and twins in {HCP} {Z}r},
  journal = {Materials Science and Engineering A},
  volume  = {513-514},
  pages   = {42-51},
  year    = {2009},
  issn    = {0921-5093},
  doi     = {https://doi.org/10.1016/j.msea.2009.01.035},
  url     = {https://www.sciencedirect.com/science/article/pii/S0921509309000616},
  author  = {L. Capolungo and I.J. Beyerlein and G.C. Kaschner and C.N. Tomé}
}

@article{beyerlein2010probabilistic,
  title   = {A probabilistic twin nucleatin model for {HCP} polycrystalline metals},
  journal = {Proceedings of the Royal Society A},
  volume  = {466},
  pages   = {2517-2544},
  year    = {2010},
  issn    = {1471-2946},
  doi     = {https://doi.org/10.1098/rspa.2009.0661},
  author  = {I.J. Beyerlein and C.N. Tomé}
}

@article{borden2016phase,
  title     = {A phase-field formulation for fracture in ductile materials: Finite deformation balance law derivation, plastic degradation, and stress triaxiality effects},
  author    = {Borden, Michael J and Hughes, Thomas JR and Landis, Chad M and Anvari, Amin and Lee, Isaac J},
  journal   = {Computer Methods in Applied Mechanics and Engineering},
  volume    = {312},
  pages     = {130--166},
  year      = {2016},
  publisher = {Elsevier}
}

@article{Jeong2004functionallygraded,
  author  = {Kim, Jeong-Ho and Paulino, Glaucio H.},
  title   = {Consistent Formulations of the Interaction Integral Method for Fracture of Functionally Graded Materials},
  journal = {Journal of Applied Mechanics},
  volume  = {72},
  number  = {3},
  pages   = {351-364},
  year    = {2004},
  month   = {07}
}

@article{NAHTA19932027,
  title   = {Domain integrals for axisymmetric interface crack problems},
  journal = {International Journal of Solids and Structures},
  volume  = {30},
  number  = {15},
  pages   = {2027-2040},
  year    = {1993},
  issn    = {0020-7683},
  url     = {https://www.sciencedirect.com/science/article/pii/002076839390049D},
  author  = {R. Nahta and B. Moran}
}

@book{was2007,
  author    = {Gary S. Was},
  title     = {Fundamentals of Radiation Materials Science: Metals and Alloys},
  address   = {Berlin},
  publisher = {Springer-Verlag},
  year      = {2007}
}

@book{besson2009non,
  title     = {Non-linear mechanics of materials},
  author    = {Besson, Jacques and Cailletaud, Georges and Chaboche, Jean-Louis and Forest, Samuel},
  volume    = {167},
  year      = {2009},
  publisher = {Springer Science \& Business Media}
}

@book{armstrong1966mathematical,
  title     = {A mathematical representation of the multiaxial Bauschinger effect},
  author    = {Armstrong, Peter J and Frederick, Charles O and others},
  volume    = {731},
  year      = {1966},
  publisher = {Berkeley Nuclear Laboratories Berkeley, CA}
}

@article{voce1948relationship,
  title   = {The relationship between stress and strain for homogeneous deformation},
  author  = {Voce, Eric},
  journal = {Journal of the Institute of Metals},
  volume  = {74},
  pages   = {537--562},
  year    = {1948}
}

@techreport{ruybalid_osti24,
  author      = {Ruybalid, Andre Paul and Rovinelli, Andrea and Gamble, Kyle and Sweet, Ryan and Capolungo, Laurent},
  title       = {Complete Development of {LAROMance}-type Surrogate Models for {Zircaloy}, as well as Initial Integration and Testing in {MOOSE}, which Addresses Industry Needs for Licensing Advanced {LWR} Fuels},
  institution = {Los Alamos National Laboratory (LANL), Los Alamos, NM (United States)},
  doi         = {10.2172/2467355},
  url         = {https://www.osti.gov/biblio/2467355},
  place       = {United States},
  year        = {2024},
  month       = {09}
}

@techreport{munday_osti25,
  author      = {Munday, Lynn and Schwen, Daniel and Spencer, Benjamin, and Hu, Tianchen and Ruybalid, Andre},
  title       = {LAROMance Grade 91 Model Integration in NEML2},
  institution = {Idaho National Laboratory (INL), Idaho Falls, ID (United States)},
  place       = {United States},
  year        = {2025},
  month       = {02}
}

@article{tallman-2020,
  author  = {Tallman, Aaron E. and Kumar, M. Arul and Matthews, Christopher and Capolungo, Laurent},
  journal = {JOM},
  month   = {10},
  number  = {1},
  pages   = {126--137},
  title   = {{Surrogate modeling of viscoplasticity in steels: application to thermal, irradiation creep and transient loading in HT-9 cladding}},
  volume  = {73},
  year    = {2020},
  doi     = {10.1007/s11837-020-04402-2},
  url     = {https://doi.org/10.1007/s11837-020-04402-2}
}

@article{markley2007averaging,
  title={Averaging quaternions},
  author={Markley, F Landis and Cheng, Yang and Crassidis, John L and Oshman, Yaakov},
  journal={Journal of Guidance, Control, and Dynamics},
  volume={30},
  number={4},
  pages={1193--1197},
  year={2007}
}
