@Article{hales15homogenization,
    author = "Hales, J. D. and Tonks, M. R. and Chockalingam, K. and Perez, D. M. and Novascone, S. R. and Spencer, B. W. and Williamson, R. L.",
    title = "Asymptotic expansion homogenization for multiscale nuclear fuel analysis",
    journal = "Computational Materials Science",
    year = "2015",
    volume = "99",
    month = "March",
    pages = "290--297",
    doi = "10.1016/j.commatsci.2014.12.039",
    url = "http://dx.doi.org/10.1016/j.commatsci.2014.12.039"
}

@book{modest2013radiative,
  title={Radiative Heat Transfer},
  author={Modest, M.F.},
  isbn={9780123869906},
  lccn={2012474399},
  url={https://books.google.com/books?id=J2KZq0e4lCIC},
  year={2013},
  publisher={Elsevier Science}
}

@book{nafems_std_bench,
  title={{The Standard NAFEMS Benchmarks, Rev. 3}},
  author={National Agency for Finite Element Methods and Standards},
  publisher = {NAFEMS},
  month={October},
  year={1990}
}

@inproceedings{WaltersLCQ,
  author = {Walters, W F},
  year = {1987},
  booktitle={Conference: Computational methods in high temperature physics},
  title = {Use of the Chebyshev-Legendre quadrature set in discrete-ordinate codes}
}

@article{cincotti2007modeling,
  title={Modeling of SPS apparatus: Temperature, current and strain distribution with no powders},
  author={Cincotti, Alberto and Locci, Antonio Mario and Orru, Roberto and Cao, Giacomo},
  journal={AIChE journal},
  volume={53},
  number={3},
  pages={703--719},
  year={2007},
  publisher={Wiley Online Library}
}

@article{SONG2006710,
  title = {Evaluation of effective thermal conductivity for carbon nanotube/polymer composites using control volume finite element method},
  journal = {Carbon},
  volume = {44},
  number = {4},
  pages = {710-717},
  year = {2006},
  issn = {0008-6223},
  doi = {https://doi.org/10.1016/j.carbon.2005.09.034},
  url = {https://www.sciencedirect.com/science/article/pii/S0008622305005609},
  author = {Young Seok Song and Jae Ryoun Youn},
}

@book{incropera2002,
  title={Fundamentals of Heat and Mass Transfer},
  author={Incropera, Frank P. and DeWitt, David P. and Bergman, Theodore L. and Lavine, Adrienne S. and others},
  edition={Sixth},
  year={2002},
  publisher={Wiley New York}
}

@book{modest2021,
  title={Radiative heat transfer},
  author={Modest, Michael F and Mazumder, Sandip},
  year={2021},
  publisher={Academic press}
}

@article{churchill1975,
title = {Correlating equations for laminar and turbulent free convection from a horizontal cylinder},
journal = {International Journal of Heat and Mass Transfer},
volume = {18},
number = {9},
pages = {1049-1053},
year = {1975},
issn = {0017-9310},
doi = {https://doi.org/10.1016/0017-9310(75)90222-7},
url = {https://www.sciencedirect.com/science/article/pii/0017931075902227},
author = {Stuart W. Churchill and Humbert H.S. Chu}
}

@article{larsen2002,
title = {Simplified PN Approximations to the Equations of Radiative Heat Transfer and Applications},
journal = {Journal of Computational Physics},
volume = {183},
number = {2},
pages = {652-675},
year = {2002},
issn = {0021-9991},
doi = {https://doi.org/10.1006/jcph.2002.7210},
url = {https://www.sciencedirect.com/science/article/pii/S0021999102972104},
author = {Edward W. Larsen, Guido Thömmes, Axel Klar, Mohammed Seaı̈d, Thomas Götz}
}
